@TECHREPORT{Chime4Challenge,
  title = {Zynq UltraScale+ MPSoC Product Tables and Product Selection Guide},
  institution = {University of Sheffield},
  year = {2016},
  url = {https://http://spandh.dcs.shef.ac.uk/chime_challenge/CHiME4/overview.html}
}