@misc{hinton2012improving,
      title={Improving neural networks by preventing co-adaptation of feature detectors}, 
      author={Geoffrey E. Hinton and Nitish Srivastava and Alex Krizhevsky and Ilya Sutskever and Ruslan R. Salakhutdinov},
      year={2012},
      eprint={1207.0580},
      archivePrefix={arXiv},
      primaryClass={cs.NE}
}