@article{Wiley2008ChangesIH,
  title={Changes in hearing thresholds over 10 years in older adults.},
  author={Terry L. Wiley and Rick Chappell and Lakeesha L. Carmichael and David M. Nondahl and Karen J. Cruickshanks},
  journal={Journal of the American Academy of Audiology},
  year={2008},
  volume={19 4},
  pages={
          281-92; quiz 371
        }
}

@article{hearthres,
  title={The Threshold of Hearing.},
  author={Wereski, Mike},
  journal={The STEAM Journal},
  year={2015},
  volume={2},
  pages={
          Article 20
        }
}

@article{Volkmann,
 ISSN = {00029556},
 URL = {http://www.jstor.org/stable/1417526},
 author = {S. S. Stevens and J. Volkmann},
 journal = {The American Journal of Psychology},
 number = {3},
 pages = {329--353},
 publisher = {University of Illinois Press},
 title = {The Relation of Pitch to Frequency: A Revised Scale},
 volume = {53},
 year = {1940}
}

@book{beranek1988acoustical,
  title={Acoustical Measurements},
  author={Beranek, L.L. and Acoustical Society of America},
  isbn={9780883185902},
  lccn={88082582},
  url={https://books.google.co.il/books?id=c84qMQAACAAJ},
  year={1988},
  publisher={Acoustical Society of America}
}

@book{o1987speech,
  title={Speech Communication: Human and Machine},
  author={O'Shaughnessy, D.},
  isbn={9780201165203},
  lccn={86022175},
  series={Addison-Wesley series in electrical engineering},
  url={https://books.google.co.il/books?id=mHFQAAAAMAAJ},
  year={1987},
  publisher={Addison-Wesley Publishing Company}
}

@inproceedings{fitmelscale,
author = {Umesh, S. and Cohen, Leon and Nelson, Douglas},
year = {1999},
month = {04},
pages = {217 - 220 vol.1},
title = {Fitting the Mel scale},
volume = {1},
isbn = {0-7803-5041-3},
doi = {10.1109/ICASSP.1999.758101}
}


@article{1908630,
author = {Zwicker,E. },
title = {Subdivision of the Audible Frequency Range into Critical Bands (Frequenzgruppen)},
journal = {The Journal of the Acoustical Society of America},
volume = {33},
number = {2},
pages = {248-248},
year = {1961},
doi = {10.1121/1.1908630},
}

@article{TraunmullerScale,
author = {Traunmuller,Hartmut },
title = {Analytical expressions for the tonotopic sensory scale},
journal = {The Journal of the Acoustical Society of America},
volume = {88},
number = {1},
pages = {97-100},
year = {1990},
doi = {10.1121/1.399849},
}

@article{SchroederScale,
author = {Schroeder,M. R.  and Atal,B. S.  and Hall,J. L. },
title = {Optimizing digital speech coders by exploiting masking properties of the human ear},
journal = {The Journal of the Acoustical Society of America},
volume = {66},
number = {6},
pages = {1647-1652},
year = {1979},
doi = {10.1121/1.383662},
}