@INPROCEEDINGS{7845025,
  author={Nisar, Shibli and Tariq, Muhammad},
  booktitle={2016 Sixth International Conference on Innovative Computing Technology (INTECH)}, 
  title={Intelligent feature selection using hybrid based feature selection method}, 
  year={2016},
  volume={},
  number={},
  pages={168-172},
  doi={10.1109/INTECH.2016.7845025}
}

@INPROCEEDINGS{lessIsMore,
author = {Georganos, Stefanos and Grippa, Tais and Vanhuysse, Sabine and Lennert, Moritz and Shimoni, Michal and Kalogirou, Stamatis and Wolff, Eleonore},
year = {2017},
month = {11},
pages = {},
title = {Less is more: optimizing classification performance through feature selection in a very-high-resolution remote sensing object-based urban application},
volume = {55},
journal = {GIScience and Remote Sensing},
doi = {10.1080/15481603.2017.1408892}
}

@article{gammatonefilt,
author = {Aertsen, Ad and Johannesma, P.I.M.},
year = {1980},
month = {11},
pages = {223-234},
title = {Spectro-temporal receptive fields of auditory neurons in the grassfrog - I. Characterization of tonal and natural stimuli},
volume = {38},
journal = {Biological Cybernetics},
doi = {10.1007/BF00337015}
}

@inproceedings{rmfcc1,
author = {Sarikaya, Ruhi and Hansen, John},
year = {2001},
month = {01},
pages = {687-690},
title = {Analysis of the root-cepstrum for acoustic modeling and fast decoding in speech recognition.}
}

@INPROCEEDINGS{1415167,

  author={Tyagi, V. and Wellekens, C.},

  booktitle={Proceedings. (ICASSP '05). IEEE International Conference on Acoustics, Speech, and Signal Processing, 2005.}, 

  title={On desensitizing the Mel-cepstrum to spurious spectral components for robust speech recognition}, 

  year={2005},

  volume={1},

  number={},

  pages={I/529-I/532 Vol. 1},

  doi={10.1109/ICASSP.2005.1415167}}

@article{barkfilt,
author = {Traunmuller,Hartmut },
title = {Analytical expressions for the tonotopic sensory scale},
journal = {The Journal of the Acoustical Society of America},
volume = {88},
number = {1},
pages = {97-100},
year = {1990},
doi = {10.1121/1.399849}}

@INPROCEEDINGS{7489370,

  author={Chaudhari, Amol and Rahulkar, Amol and Dhonde, S. B.},

  booktitle={2015 International Conference on Information Processing (ICIP)}, 

  title={Combining dynamic features with MFCC for text-independent speaker identification}, 

  year={2015},

  volume={},

  number={},

  pages={160-164},

  doi={10.1109/INFOP.2015.7489370}}


@ARTICLE{237532,

  author={Picone, J.W.},

  journal={Proceedings of the IEEE}, 

  title={Signal modeling techniques in speech recognition}, 

  year={1993},

  volume={81},

  number={9},

  pages={1215-1247},

  doi={10.1109/5.237532}}


@ONLINE{matlabStftDoc,
author = {Mathworks},
title = {Matlab's STFT documentation webpage},
year = {2022},
url = {https://www.mathworks.com/help/signal/ref/stft.html}
}