@article{1908630,
author = {Zwicker,E. },
title = {Subdivision of the Audible Frequency Range into Critical Bands (Frequenzgruppen)},
journal = {The Journal of the Acoustical Society of America},
volume = {33},
number = {2},
pages = {248-248},
year = {1961},
doi = {10.1121/1.1908630},
}

@article{doi:10.1121/1.399849,
author = {Traunm√ºller,Hartmut },
title = {Analytical expressions for the tonotopic sensory scale},
journal = {The Journal of the Acoustical Society of America},
volume = {88},
number = {1},
pages = {97-100},
year = {1990},
doi = {10.1121/1.399849},
}
