@inproceedings{Blust2013TerrorFT,
  title={Terror from the Sky: Unconventional Linguistic Clues to the Negrito Past},
  author={Robert Blust},
  booktitle={Human biology},
  year={2013}
}

@book{dixon_1997,
  place={Cambridge}, 
  title={The Rise and Fall of Languages}, 
  publisher={Cambridge University Press},
  author={Dixon, R. M. W.},
  year={1997}
}


@InProceedings{pmlr-v32-graves14,
  title = 	 {Towards End-To-End Speech Recognition with Recurrent Neural Networks},
  author = 	 {Graves, Alex and Jaitly, Navdeep},
  booktitle = 	 {Proceedings of the 31st International Conference on Machine Learning},
  pages = 	 {1764--1772},
  year = 	 {2014},
  editor = 	 {Xing, Eric P. and Jebara, Tony},
  volume = 	 {32},
  number =       {2},
  series = 	 {Proceedings of Machine Learning Research},
  address = 	 {Bejing, China},
  month = 	 {22--24 Jun},
  publisher =    {PMLR},
  pdf = 	 {http://proceedings.mlr.press/v32/graves14.pdf},
  url = 	 {https://proceedings.mlr.press/v32/graves14.html}
}

@inproceedings{maas-etal-2015-lexicon,
    title = "Lexicon-Free Conversational Speech Recognition with Neural Networks",
    author = "Maas, Andrew  and
      Xie, Ziang  and
      Jurafsky, Dan  and
      Ng, Andrew",
    booktitle = "Proceedings of the 2015 Conference of the North {A}merican Chapter of the Association for Computational Linguistics: Human Language Technologies",
    year = "2015",
    address = "Denver, Colorado",
    publisher = "Association for Computational Linguistics",
    url = "https://aclanthology.org/N15-1038",
    doi = "10.3115/v1/N15-1038",
    pages = "345--354",
}

@inproceedings{44926,
title	= {Listen, Attend and Spell: A Neural Network for Large Vocabulary Conversational Speech Recognition},
author	= {William Chan and Navdeep Jaitly and Quoc V. Le and Oriol Vinyals},
year	= {2016},
URL	= {http://williamchan.ca/papers/wchan-icassp-2016.pdf},
booktitle	= {ICASSP}
}

@misc{vaswani2017attention,
      title={Attention Is All You Need}, 
      author={Ashish Vaswani and Noam Shazeer and Niki Parmar and Jakob Uszkoreit and Llion Jones and Aidan N. Gomez and Lukasz Kaiser and Illia Polosukhin},
      year={2017},
      eprint={1706.03762},
      archivePrefix={arXiv},
      primaryClass={cs.CL}
}

@inproceedings{rmfcc1,
author = {Sarikaya, Ruhi and Hansen, John},
year = {2001},
month = {01},
pages = {687-690},
title = {Analysis of the root-cepstrum for acoustic modeling and fast decoding in speech recognition.}
}