@TECHREPORT{Chime4Challenge,
  title = {Zynq UltraScale+ MPSoC Product Tables and Product Selection Guide},
  institution = {University of Sheffield},
  year = {2016},
  url = {https://spandh.dcs.shef.ac.uk/chime_challenge/CHiME4/overview.html}
}

@ONLINE{chimechal,
author = {Szu{-}Jui Chen and
               Aswin Shanmugam Subramanian and
               Hainan Xu and
               Shinji Watanabe},
title = {The 4th CHiME Speech Separation and Recognition Challenge},
year = {2016},
url = {http://spandh.dcs.shef.ac.uk/chime_challenge/CHiME4/overview.html}
}

@article{chimebase,
  author    = {Szu{-}Jui Chen and
               Aswin Shanmugam Subramanian and
               Hainan Xu and
               Shinji Watanabe},
  title     = {Building state-of-the-art distant speech recognition using the CHiME-4
               challenge with a setup of speech enhancement baseline},
  journal   = {CoRR},
  volume    = {abs/1803.10109},
  year      = {2018},
  url       = {http://arxiv.org/abs/1803.10109},
  eprinttype = {arXiv},
  eprint    = {1803.10109},
  timestamp = {Tue, 30 Jun 2020 10:21:43 +0200},
  biburl    = {https://dblp.org/rec/journals/corr/abs-1803-10109.bib},
  bibsource = {dblp computer science bibliography, https://dblp.org}
}

@ONLINE{commonVoiceDS,
author = {Mozilla Corporation},
title = {Mozilla CommonVoice Dataset},
year = {2022},
url = {https://commonvoice.mozilla.org/en}
}
